<?xml version="1.0" encoding="UTF-8"?><collection xmlns="http://www.loc.gov/MARC21/slim"><record><leader>00322nam--2200121-i-4500</leader><controlfield tag="001">000049947</controlfield><controlfield tag="002">20161230</controlfield><controlfield tag="005">20161230201047</controlfield><controlfield tag="008">060222s1000------------r-----000-0-eng-d</controlfield><datafield ind1=" " ind2=" " tag="100"><subfield code="a">Babichenko,S.I</subfield></datafield><datafield ind1=" " ind2=" " tag="245"><subfield code="a">Kontrolnaia-izmeritelnaia radiometricheskaia apparatura</subfield></datafield><datafield ind1=" " ind2=" " tag="260"><subfield code="a">Moskva, Gosatomizdat, 1963. 148s</subfield></datafield><datafield ind1=" " ind2=" " tag="852"><subfield code="a">9530</subfield></datafield></record></collection>